<record><leader>00000cas a22000007a 4500</leader><controlfield tag="001">38538446</controlfield><controlfield tag="008">980303d19401941ncuwr ne      0    0eng d</controlfield><datafield ind1=" " ind2=" " tag="010"><subfield code="a">sn 97064607 </subfield></datafield><datafield ind1=" " ind2=" " tag="040"><subfield code="a">NVJ</subfield><subfield code="b">eng</subfield><subfield code="c">NVJ</subfield><subfield code="d">OCLCQ</subfield></datafield><datafield ind1=" " ind2=" " tag="042"><subfield code="a">msc</subfield></datafield><datafield ind1="0" ind2=" " tag="130"><subfield code="a">Alleghany news (Sparta, N.C. : 1940)</subfield></datafield><datafield ind1="1" ind2="4" tag="245"><subfield code="a">The Alleghany news.</subfield></datafield><datafield ind1=" " ind2=" " tag="260"><subfield code="a">Sparta, N.C. :</subfield><subfield code="b">Ed. M. Anderson</subfield></datafield><datafield ind1=" " ind2=" " tag="300"><subfield code="a">v.</subfield></datafield><datafield ind1=" " ind2=" " tag="310"><subfield code="a">Weekly</subfield></datafield><datafield ind1="1" ind2=" " tag="362"><subfield code="a">Began in 1940.</subfield></datafield><datafield ind1="0" ind2=" " tag="362"><subfield code="a">-v. 2, no. 30 (Aug. 29, 1941).</subfield></datafield><datafield ind1=" " ind2=" " tag="588"><subfield code="a">Description based on: Vol. 2, no. 1 (Feb. 14, 1941).</subfield></datafield><datafield ind1=" " ind2=" " tag="752"><subfield code="a">United States</subfield><subfield code="b">North Carolina</subfield><subfield code="c">Alleghany</subfield><subfield code="d">Sparta.</subfield></datafield><datafield ind1="0" ind2="7" tag="785"><subfield code="t">Alleghany star-times</subfield><subfield code="w">(DLC)sn 97064606</subfield></datafield><datafield ind1="0" ind2="7" tag="785"><subfield code="t">Alleghany news and star-times</subfield><subfield code="w">(DLC)sn 90057235</subfield></datafield></record>